@misc{sysctl-conf,
	title = "\textit{Linux Man Page, sysctl.conf}\newline
	\url{https://linux.die.net/man/5/sysctl.conf}"
}

@misc{sysctl,
	title = "\textit{Linux Man Page, sysctl}\newline
	\url{https://linux.die.net/man/8/sysctl}"
}

@misc{sysctl-arch,
	title = "\textit{Arch Linux, sysctl}\newline
	\url{https://wiki.archlinux.org/index.php/sysctl}"
}

@misc{packetforward,
	title = "\textit{CentOS Documentation, Tuning On Packet Forwarding}\newline
	\url{https://www.centos.org/docs/5/html/Virtual_Server_Administration/s1-lvs-forwarding-VSA.html}"
}

@misc{swap,
	title = "\textit{CentOS Documentation, Tuning Swappiness}\newline
	\url{https://access.redhat.com/documentation/en-US/Red_Hat_Enterprise_Linux/6/html/Performance_Tuning_Guide/s-memory-tunables.html}"
}

@misc{backupreg,
	title = "\textit{}\newline
	\url{https://support.microsoft.com/en-us/help/322756/how-to-back-up-and-restore-the-registry-in-windows}"
}

@misc{moodleperf,
	title = "\textit{Moodle documentation, Performance Recommendations}\newline
	\url{https://docs.moodle.org/23/en/Performance_recommendations}"
}

@misc{configcompr,
	title = "\textit{Configure compression, Microsoft}\newline
	\url{https://technet.microsoft.com/en-us/library/60f3fa55-f005-496e-9d2f-cc4fc2732fce}"
}

@misc{curl,
	title = "\textit{curl command line official page}\newline
	\url{https://ec.haxx.se/cmdline-urls.html}"
}

@misc{apache-doc,
	title = "\textit{Apache Docs}\newline
	\url{https://httpd.apache.org/docs/2.4/mod/core.html#hostnamelookups}"
}