@misc{yum,
	title = "
	\textit{Página oficial de CentOS, yum commands}\newline
	\url{https://www.centos.org/docs/5/html/5.1/Deployment_Guide/s1-yum-useful-commands.html}"
}

@misc{yum-config,
	title = "
	\textit{Manuales de Ubuntu, yum-config,manager}\newline
	\url{http://manpages.ubuntu.com/manpages/wily/man1/yum-config-manager.1.html}"
}

@misc{apt,
	title = "
	\textit{Manuales de Ubuntu, apt}\newline
	\url{http://manpages.ubuntu.com/manpages/wily/man8/apt.8.html}"
}

@misc{apt-get,
	title = "
	\textit{Manuales de Ubuntu, apt-get}\newline
	\url{http://manpages.ubuntu.com/manpages/wily/man8/apt-get.8.html}"
}

@misc{add-apt-repository,
	title = "
	\textit{Manuales de Ubuntu, add-apt-repository}\newline
	\url{http://manpages.ubuntu.com/manpages/wily/man1/add-apt-repository.1.html}"	
}

@misc{ufw,
	title = "
	\textit{Ayuda de Ubuntu, ufw}\newline
	\url{https://help.ubuntu.com/lts/serverguide/firewall.html}"	
}

@misc{ufw2,
	title = "
	\textit{Ayuda de Ubuntu Community}\newline
	\url{https://help.ubuntu.com/community/UFW}"
}

@misc{proxy-apt,
	title = "
	\textit{Ayuda de Ubuntu Community, configuraciones en apt}\newline
	\url{https://help.ubuntu.com/community/AptGet/Howto}"
}

@misc{proxy-yum,
	title = "
	\textit{Documentación de Fedora, configuración de yum para un servidor proxy}\newline
	\url{https://docs.fedoraproject.org/es-ES/Fedora_Core/4/html/Software_Management_Guide/sn-yum-proxy-server.html}"
}

@misc{firewall-cmd,
	title = "
	\textit{Documentación de Red Hat, Using Firewalls}\newline
	\url{https://access.redhat.com/documentation/en-US/Red_Hat_Enterprise_Linux/7/html/Security_Guide/sec-Using_Firewalls.html}"
}

@misc{firewall-cmd2,
	title = "
	\textit{Wiki de Fedora,FirewallD/es}\newline
	\url{https://fedoraproject.org/wiki/FirewallD/es}"
}


@misc{systemd,
	title = "
	\textit{Wiki ArchLinux, systemd}\newline
	\url{https://wiki.archlinux.org/index.php/Systemd#Basic_systemctl_usage}"
}

@misc{nmap,
	title = "
	\textit{Página oficial de nmap}\newline
	\url{https://nmap.org/man/es/man-briefoptions.html}"
}

@misc{telnet-ssh,
	title = "
	\textit{Cisco. Configuring Telnet and SSH}\newline
	\url{http://www.cisco.com/c/en/us/td/docs/switches/datacenter/nexus5000/sw/configuration/guide/cli/CLIConfigurationGuide/sec_ssh.pdf}"
}

@misc{ssh,
	title = "
	\textit{Manual OpenBSD}\newline
	\url{http://man.openbsd.org/ssh}"
}

@misc{x11,
	title = "
	\textit{X Org Foundation}\newline
	\url{https://www.x.org/wiki/}"
}

@misc{ssh-keys,
	title = "
	\textit{Wiki ArchLinux, SSH keys}\newline
	\url{https://wiki.archlinux.org/index.php/SSH_keys}"
}

@misc{ssh-config,
	title = "
	\textit{Wiki CentOS, SSH}\newline
	\url{https://wiki.centos.org/es/HowTos/Network/SecuringSSH}"
}

@misc{services,
	title = "
	\textit{Help Ubuntu Community, BootUp}\newline
	\url{https://help.ubuntu.com/community/UbuntuBootupHowto}"
}

@misc{tasksel,
	title = "
	\textit{Help Ubuntu Community, Tasksel}\newline
	\url{https://help.ubuntu.com/community/Tasksel}"
}

@misc{patch,
	title = "
	\textit{Arch Linux, Patching}\newline
	\url{https://wiki.archlinux.org/index.php/Patching_in_ABS}"
}

@misc{iis,
	title = "
	\textit{IIS Windows Installation}\newline
	\url{https://www.iis.net/learn/install/installing-iis-7/installing-iis-on-windows-vista-and-windows-7}"
}

@misc{php,
	title = "
	\textit{PHP Manual}\newline
	\url{http://php.net/manual/es/ini.core.php}"
}

@misc{webmin,
	title = "
	\textit{Webmin}\newline
	\url{webmin.com}"
}

@misc{sed,
	title = "
	\textit{GNU Manual, sed}\newline
	\url{https://www.gnu.org/software/sed/manual/sed.txt}"
}

@misc{awk,
	title = "
	\textit{GNU Manual, awk}\newline
	\url{https://www.gnu.org/software/gawk/manual/html_node/Print-Examples.html}"
}

@misc{phpinstall,
	title = "
	\textit{Instalación y configuración de PHP}\newline
	\url{http://doc.fedora-fr.org/wiki/Installation_et_configuration_de_PHP}"
}

@misc{apacheinstall,
	title = "
	\textit{Instalación Apache}\newline
	\url{http://httpd.apache.org/docs/current/es/install.html}"
}

@misc{mysqlinstall,
	title = "
	\textit{Instalación MySQL}\newline
	\url{https://dev.mysql.com/doc/mysql-repo-excerpt/5.6/en/linux-installation-yum-repo.html}"
}

@misc{python,
	title = "
	\textit{Documentación de Python}\newline
	\url{https://docs.python.org/2/tutorial/inputoutput.html}"
}