@misc{phoronix,
	title = "\textit{Phoronix Test Suite Documentation}\newline
	\url{http://www.phoronix-test-suite.com/documentation/phoronix-test-suite.pdf}"
}

@misc{aio-stress,
	title = "\textit{AIO Stress Benchmark}\newline
	\url{https://openbenchmarking.org/test/pts/aio-stress}"
}

@misc{test-xeon,
	title = "\textit{Intel Xeon-E5 Test}\newline
	\url{\url{http://openbenchmarking.org/result/1612228-SO-TESTIO77918}}"
}

@misc{ab,
	title = "\textit{Apache Benchmark Documentation}\newline
	\url{https://httpd.apache.org/docs/2.4/programs/ab.html}"
}

@misc{redvb,
	title = "\textit{Networking interface Virtual Box}\newline
	\url{https://www.virtualbox.org/manual/ch06.html}"
}

@misc{network,
	title = "\textit{Ubuntu Community Help, networking}\newline
	\url{https://help.ubuntu.com/community/KVM/Networking}"
}

@misc{jmeter,
	title = "\textit{Apache Jmeter, Building a Web Test Plan}\newline
	\url{http://jmeter.apache.org/usermanual/build-web-test-plan.html}"
}