@misc{yum,
	title = "
	\textit{Documentación oficial de Fedora, Capítulo 4. Yum}\newline
	\url{https://docs.fedoraproject.org/en-US/Fedora/15/html/Deployment_Guide/ch-yum.html}"
}

@misc{debian,
	title = "
	\textit{Documentación oficial de Debian, Debian package management}\newline
	\url{https://www.debian.org/doc/manuals/debian-reference/ch02.en.html}"
}

@misc{gunzip,
	title = "
	\textit{Linux man page, gunzip}\newline
	\url{https://linux.die.net/man/1/gunzip}"
}

@book{ubuntubook,
	author = "Helmke Matthew",
	title = "Ubuntu Unleashed 2015 Edition: Covering 14.10 and 15.04",
	publisher = "Sams Publishing",
	year = "2014"
}

@article{compression,
	author = "Przemyshaw Skibinski and Jakub Swacha",
	title = "Fast and efficient log file compression,
	\url{http://ceur-ws.org/Vol-325/paper06.pdf}",
	year = "2007",
}

@misc{cron,
	title = "
	\textit{Programación de tareas repetitivas del sistema (cron)}\newline
	\url{https://docs.oracle.com/cd/E24842_01/html/E23086/sysrescron-1.html}"
}

@misc{cron2,
	title = "
	\textit{Linux man page, cron}\newline
	\url{https://linux.die.net/man/5/crontab}"
}

@misc{date,
	title = "
	\textit{Linux man page, date}\newline
	\url{https://linux.die.net/man/1/date}"
}

@misc{dmesg,
	title = "
	\textit{Ubuntu man page, dmesg}\newline
	\url{http://manpages.ubuntu.com/manpages/wily/man1/dmesg.1.html}"
}

@misc{python,
	title = "
	\textit{Python official documentation}\newline
	\url{https://docs.python.org/2/library/profile.html}"
}

@misc{mysql-download,
	title = "
	\textit{MySQL documentation}\newline
	\url{http://dev.mysql.com/doc/index-other.html}"
}

@misc{mysql-profile,
	title = "
	\textit{MySQL documentation, profile}\newline
	\url{https://dev.mysql.com/doc/refman/5.5/en/show-profile.html}"
}

@misc{mysql-profiles,
	title = "
	\textit{MySQL documentation, profiles}\newline
	\url{http://dev.mysql.com/doc/refman/5.7/en/show-profiles.html}"
}

@misc{mysql-guide,
	title = "
	\textit{MySQL documentation, command options}\newline
	\url{http://dev.mysql.com/doc/refman/5.7/en/mysql-command-options.html}"
}

@misc{sysadmintips,
	title = "
	\textit{Sysadmin tips}\newline
	\url{http://blog.softlayer.com/2013/sysadmin-tips-and-tricks-using-strace-to-monitor-system-calls#utm_source=twitter&utm_medium=social&utm_content=beyond-the-command-line-with-strace&utm_campaign=blog_development-tips-and-tricks}"
}

@misc{munin,
	title = "
	\textit{Munin}\newline
	\url{http://demo.munin-monitoring.org/munin-monitoring.org/demo.munin-monitoring.org/}"
}